<collection xmlns="http://www.loc.gov/MARC21/slim">
<record>
  <leader>01316nam0a22001931i 450 </leader>
  <controlfield tag="001">IT\ICCU\CNCE\075750</controlfield>
  <controlfield tag="005">20151124000000.0</controlfield>
  <datafield tag="100" ind1=" " ind2=" ">
    <subfield code="a">20110308d1558        0itac0103    ba</subfield>
  </datafield>
  <datafield tag="101" ind1=" " ind2=" ">
    <subfield code="a">LAT</subfield>
  </datafield>
  <datafield tag="102" ind1=" " ind2=" ">
    <subfield code="a">IT</subfield>
  </datafield>
  <datafield tag="200" ind1="1" ind2=" ">
    <subfield code="a">℗Le ℗pompe opera noua nella quale si ritrouano varie, &amp; diuerse sorti di mostre, per poter far cordelle ouer bindelle, d&apos;oro, di seta, di filo, ouero di altra cosa. Doue le belle &amp; virtuose donne potranno fare ogni sorte di lauoro, cio ̈merli di diuerse sorte, cauezzi, collari, maneghetti, &amp; tutte quelle cose che li piaceranno. Opera non men bella, che vtile, &amp; necessaria. Et non piu veduta in luce</subfield>
  </datafield>
  <datafield tag="210" ind1=" " ind2=" ">
    <subfield code="a">\Venezia</subfield>
    <subfield code="c">Giovanni Battista Sessa il giovane e Melchiorre Sessa il giovane!</subfield>
    <subfield code="d">1558</subfield>
    <subfield code="e">\Venezia!</subfield>
    <subfield code="g">si vendono alla Libraria della Gatta</subfield>
  </datafield>
  <datafield tag="215" ind1=" " ind2=" ">
    <subfield code="a">\16! c.</subfield>
    <subfield code="c">tutte ill.</subfield>
    <subfield code="d">4ʻ</subfield>
  </datafield>
  <datafield tag="620" ind1=" " ind2=" ">
    <subfield code="a">IT</subfield>
    <subfield code="d">Venezia</subfield>
  </datafield>
  <datafield tag="712" ind1="0" ind2="0">
    <subfield code="a">Sessa, Giovanni Battista &lt;2.&gt; &amp; Sessa, Melchiorre &lt;2.&gt;</subfield>
    <subfield code="3">IT\ICCU\CNCT\000699</subfield>
    <subfield code="4">650</subfield>
  </datafield>
  <datafield tag="801" ind1=" " ind2="3">
    <subfield code="a">IT</subfield>
    <subfield code="b">ICCU</subfield>
    <subfield code="c">20201115</subfield>
  </datafield>
  <datafield tag="899" ind1=" " ind2=" ">
    <subfield code="a">Biblioteca nazionale centrale. Roma</subfield>
    <subfield code="1">RM0267</subfield>
    <subfield code="2">BVE CR</subfield>
  </datafield>
  <datafield tag="911" ind1=" " ind2=" ">
    <subfield code="a">Sul front.</subfield>
    <subfield code="9">IT\ICCU\CNCM\000177</subfield>
  </datafield>
  <datafield tag="921" ind1=" " ind2=" ">
    <subfield code="a">IT\ICCU\CNCM\000177</subfield>
    <subfield code="b">Aquila con gli artigli su un cervo ucciso su cui si getta altro uccello. In cornice figurata</subfield>
    <subfield code="e">Virtute parta non sibi tantum.</subfield>
    <subfield code="c">V472</subfield>
    <subfield code="c">Z153</subfield>
    <subfield code="d">Dimensioni: 6,8 x 7,2</subfield>
    <subfield code="f">AQUILA</subfield>
    <subfield code="f">ARTIGLIO</subfield>
    <subfield code="f">CERVA</subfield>
    <subfield code="f">UCCELLO</subfield>
    <subfield code="f">VIRTUTEPAR</subfield>
    <subfield code="g">1556-1590</subfield>
  </datafield>
</record>
</collection>
